<?xml version="1.0" encoding="UTF-8"?><collection xmlns="http://www.loc.gov/MARC21/slim"><record><leader>00506nam--2200181-i-4500</leader><controlfield tag="001">000020429</controlfield><controlfield tag="002">20161230</controlfield><controlfield tag="005">20161230201033</controlfield><controlfield tag="008">060222s1000------------r-----000-0-fre-d</controlfield><datafield ind1=" " ind2=" " tag="040"><subfield code="a">IFIN-HH</subfield></datafield><datafield ind1=" " ind2=" " tag="041"><subfield code="a">fre</subfield></datafield><datafield ind1=" " ind2=" " tag="080"><subfield code="a">537.635(043)</subfield></datafield><datafield ind1="1" ind2=" " tag="100"><subfield code="a">Ferhat, Mohamed</subfield></datafield><datafield ind1="1" ind2="0" tag="245"><subfield code="a">Resonance electronique des gas: resonance rotatoire de l oxide nitrque</subfield><subfield code="b">These</subfield><subfield code="c">Mohamed ferhat</subfield></datafield><datafield ind1=" " ind2=" " tag="260"><subfield code="a">Besancon</subfield><subfield code="b">Faculte Des Sciences</subfield><subfield code="c">1970</subfield></datafield><datafield ind1=" " ind2=" " tag="300"><subfield code="a">61 P</subfield></datafield><datafield ind1=" " ind2=" " tag="852"><subfield code="a">78227</subfield><subfield code="c">537.52</subfield></datafield><datafield ind1=" " ind2=" " tag="CAT"><subfield code="a">Sys</subfield><subfield code="c">20110805</subfield><subfield code="h">095445</subfield></datafield></record></collection>